@inproceedings{nayeem2019phylogeny,
	title={A'phylogeny-aware'multi-objective optimization approach for computing MSA},
	author={Nayeem, Muhammad Ali and Bayzid, Md Shamsuzzoha and Rahman, Atif Hasan and Shahriyar, Rifat and Rahman, M Sohel},
	booktitle={Proceedings of the Genetic and Evolutionary Computation Conference},
	pages={577--585},
	year={2019},
	organization={ACM}
}

@article{karaboga2016discrete,
  title={A discrete artificial bee colony algorithm for detecting transcription factor binding sites in DNA sequences},
  author={Karaboga, D and Aslan, S},
  journal={Genet Mol Res},
  volume={15},
  number={2},
  pages={1--11},
  year={2016}
}

@article{bailey2011dreme,
  title={DREME: motif discovery in transcription factor ChIP-seq data},
  author={Bailey, Timothy L},
  journal={Bioinformatics},
  volume={27},
  number={12},
  pages={1653--1659},
  year={2011},
  publisher={Oxford University Press}
}

@article{jia2014new,
  title={A new exhaustive method and strategy for finding motifs in ChIP-enriched regions},
  author={Jia, Caiyan and Carson, Matthew B and Wang, Yang and Lin, Youfang and Lu, Hui},
  journal={PLoS One},
  volume={9},
  number={1},
  pages={e86044},
  year={2014},
  publisher={Public Library of Science}
}

@article{hashim2019review,
  title={Review of Different Sequence Motif Finding Algorithms},
  author={Hashim, Fatma A and Mabrouk, Mai S and Al-Atabany, Walid},
  journal={Avicenna journal of medical biotechnology},
  volume={11},
  number={2},
  pages={130},
  year={2019},
  publisher={Avicenna Research Institute}
}

@article{sinha2003ymf,
  title={YMF: a program for discovery of novel transcription factor binding sites by statistical overrepresentation},
  author={Sinha, Saurabh and Tompa, Martin},
  journal={Nucleic acids research},
  volume={31},
  number={13},
  pages={3586--3588},
  year={2003},
  publisher={Oxford University Press}
}

@article{thomas2011rsat,
  title={RSAT peak-motifs: motif analysis in full-size ChIP-seq datasets},
  author={Thomas-Chollier, Morgane and Herrmann, Carl and Defrance, Matthieu and Sand, Olivier and Thieffry, Denis and van Helden, Jacques},
  journal={Nucleic acids research},
  volume={40},
  number={4},
  pages={e31--e31},
  year={2011},
  publisher={Oxford University Press}
}

@article{pavesi2001algorithm,
  title={An algorithm for finding signals of unknown length in DNA sequences},
  author={Pavesi, Giulio and Mauri, Giancarlo and Pesole, Graziano},
  journal={Bioinformatics},
  volume={17},
  number={suppl\_1},
  pages={S207--S214},
  year={2001},
  publisher={Oxford University Press}
}

@article{zhang2016entropy,
  title={An entropy-based position projection algorithm for motif discovery},
  author={Zhang, Yipu and Wang, Ping and Yan, Maode},
  journal={BioMed research international},
  volume={2016},
  year={2016},
  publisher={Hindawi}
}

@article{karaboga2019discovery,
  title={Discovery of conserved regions in DNA sequences by Artificial Bee Colony (ABC) algorithm based methods},
  author={Karaboga, Dervis and Aslan, Selcuk},
  journal={Natural Computing},
  volume={18},
  number={2},
  pages={333--350},
  year={2019},
  publisher={Springer}
}

@inproceedings{gonzalez2013hybrid,
  title={Hybrid multiobjective artificial bee colony with differential evolution applied to motif finding},
  author={Gonz{\'a}lez-{\'A}lvarez, David L and Vega-Rodr{\'\i}guez, Miguel A},
  booktitle={European Conference on Evolutionary Computation, Machine Learning and Data Mining in Bioinformatics},
  pages={68--79},
  year={2013},
  organization={Springer}
}

@article{gonzalez2013comparing,
  title={Comparing multiobjective swarm intelligence metaheuristics for DNA motif discovery},
  author={Gonz{\'a}Lez-{\'A}Lvarez, David L and Vega-Rodr{\'\i}Guez, Miguel A and G{\'o}Mez-Pulido, Juan A and S{\'a}Nchez-P{\'e}Rez, Juan M},
  journal={Engineering Applications of Artificial Intelligence},
  volume={26},
  number={1},
  pages={314--326},
  year={2013},
  publisher={Elsevier}
}

@article{gonzalez2011predicting,
  title={Predicting DNA motifs by using evolutionary multiobjective optimization},
  author={Gonzalez-{\'A}lvarez, David L and Vega-Rodriguez, Miguel A and Gomez-Pulido, Juan A and Sanchez-P{\'e}rez, Juan M},
  journal={IEEE Transactions on Systems, Man, and Cybernetics, Part C (Applications and Reviews)},
  volume={42},
  number={6},
  pages={913--925},
  year={2011},
  publisher={IEEE}
}

@article{deb2002fast,
  title={A fast and elitist multiobjective genetic algorithm: NSGA-II},
  author={Deb, Kalyanmoy and Pratap, Amrit and Agarwal, Sameer and Meyarivan, TAMT},
  journal={IEEE transactions on evolutionary computation},
  volume={6},
  number={2},
  pages={182--197},
  year={2002},
  publisher={IEEE}
}

@article{zitzler2000improving,
  title={Improving the strength Pareto evolutionary algorithm},
  author={Zitzler, E and Laumanns, M and Thiele, L},
  journal={EUROGEN 2001, Evolutionary Methods for Design, Optimization and Control with Applications to Industrial Problems},
  pages={95--100},
  year={2000}
}